<record><leader>00000cas a2200000Ma 4500</leader><controlfield tag="001">225889625</controlfield><controlfield tag="008">870630d19721986cauwr ne      0   a0eng d</controlfield><datafield ind1=" " ind2=" " tag="010"><subfield code="a">sn2004060383</subfield></datafield><datafield ind1=" " ind2=" " tag="040"><subfield code="a">AU@</subfield><subfield code="b">eng</subfield><subfield code="c">AU@</subfield><subfield code="d">OCLCQ</subfield><subfield code="d">OCLCF</subfield><subfield code="d">OCLCO</subfield></datafield><datafield ind1="0" ind2=" " tag="029"><subfield code="a">AU@</subfield><subfield code="b">000025491860</subfield></datafield><datafield ind1=" " ind2=" " tag="043"><subfield code="a">n-us-ca</subfield></datafield><datafield ind1="0" ind2="0" tag="245"><subfield code="a">Santa Barbara news &amp; review.</subfield></datafield><datafield ind1="3" ind2=" " tag="246"><subfield code="a">Santa Barbara news and review</subfield></datafield><datafield ind1=" " ind2=" " tag="260"><subfield code="a">Santa Barbara, Calif. :</subfield><subfield code="b">[s.n.],</subfield><subfield code="c">-1986.</subfield></datafield><datafield ind1=" " ind2=" " tag="300"><subfield code="a">v. :</subfield><subfield code="b">ill. ;</subfield><subfield code="c">36-41 cm.</subfield></datafield><datafield ind1=" " ind2=" " tag="310"><subfield code="a">Weekly,</subfield><subfield code="b">Nov. 30, 1973-</subfield></datafield><datafield ind1=" " ind2=" " tag="321"><subfield code="a">Bimonthly,</subfield><subfield code="b">&lt;Feb. 11, 1972&gt;-Nov. 16, 1973</subfield></datafield><datafield ind1="0" ind2=" " tag="362"><subfield code="a">-v. 14, no. 676 (Feb. 6, 1986).</subfield></datafield><datafield ind1="1" ind2=" " tag="362"><subfield code="a">Began: vol. 1, no. 1 (Feb. 11, 1972).</subfield><subfield code="z">Cf. NST.</subfield></datafield><datafield ind1=" " ind2=" " tag="500"><subfield code="a">Published by: Santa Barbara News &amp; Review, Inc., July 14, 1972-</subfield></datafield><datafield ind1=" " ind2=" " tag="515"><subfield code="a">Begins whole numbering with Feb. 23, 1973 issue; Feb. 15, 1974 issue misnumbered v. 3, no. 5 (56).</subfield></datafield><datafield ind1=" " ind2=" " tag="530"><subfield code="a">Available on microfilm from UMI (Underground Newspaper/Press Collection).</subfield></datafield><datafield ind1=" " ind2=" " tag="588"><subfield code="a">Description based on: Vol. 1, no. 3 (Mar. 10-24, 1972).</subfield></datafield><datafield ind1=" " ind2="0" tag="650"><subfield code="a">Underground press publications</subfield><subfield code="z">California</subfield><subfield code="z">Santa Barbara.</subfield></datafield><datafield ind1=" " ind2="0" tag="651"><subfield code="a">Santa Barbara (Calif.)</subfield><subfield code="v">Newspapers.</subfield></datafield><datafield ind1=" " ind2="0" tag="651"><subfield code="a">Santa Barbara County (Calif.)</subfield><subfield code="v">Newspapers.</subfield></datafield><datafield ind1=" " ind2="7" tag="655"><subfield code="a">Newspapers.</subfield><subfield code="2">fast</subfield><subfield code="0">(OCoLC)fst01423814</subfield></datafield><datafield ind1=" " ind2="7" tag="650"><subfield code="a">Underground press publications.</subfield><subfield code="2">fast</subfield><subfield code="0">(OCoLC)fst01160984</subfield></datafield><datafield ind1=" " ind2="7" tag="651"><subfield code="a">California</subfield><subfield code="z">Santa Barbara.</subfield><subfield code="2">fast</subfield><subfield code="0">(OCoLC)fst01205842</subfield></datafield><datafield ind1=" " ind2="7" tag="651"><subfield code="a">California</subfield><subfield code="z">Santa Barbara County.</subfield><subfield code="2">fast</subfield><subfield code="0">(OCoLC)fst01212516</subfield></datafield><datafield ind1=" " ind2=" " tag="752"><subfield code="a">United States</subfield><subfield code="b">California</subfield><subfield code="c">Santa Barbara</subfield><subfield code="d">Santa Barbara.</subfield></datafield><datafield ind1="0" ind2="0" tag="785"><subfield code="t">Santa Barbara independent</subfield><subfield code="w">(OCoLC)16080481</subfield></datafield></record>